<?xml version="1.0" encoding="UTF-8"?>
<marc:record xmlns:marc="http://www.loc.gov/MARC21/slim"
             xmlns:saxon="http://icl.com/saxon"
             xmlns="http://www.loc.gov/MARC21/slim"
             xmlns:oclcterms="http://purl.org/oclc/terms/"
             xmlns:dc="http://purl.org/dc/elements/1.1/"
             xmlns:diag="http://www.loc.gov/zing/srw/diagnostic/"
             xmlns:zs="http://www.loc.gov/zing/srw/"
             xmlns:xlink="http://www.w3.org/1999/xlink"
             xmlns:xsi="http://www.w3.org/2001/XMLSchema-instance"
             xsi:schemaLocation="http://www.loc.gov/MARC21/slim https://www.loc.gov/standards/marcxml/schema/MARC21slim.xsd">
   <leader>00000cam a2200000 a 4500</leader>
   <controlfield tag="001">34340733</controlfield>
   <controlfield tag="008">960311s1995 dcua b f000 0 eng d</controlfield>
   <datafield ind1=" " ind2=" " tag="010">
      <subfield code="a"> 96124612 </subfield>
   </datafield>
   <datafield ind1=" " ind2=" " tag="040">
      <subfield code="a">DNAL</subfield>
      <subfield code="b">eng</subfield>
      <subfield code="c">DLC</subfield>
      <subfield code="d">BTCTA</subfield>
      <subfield code="d">OCLCG</subfield>
      <subfield code="d">GBVCP</subfield>
      <subfield code="d">OCLCO</subfield>
      <subfield code="d">OCLCA</subfield>
      <subfield code="d">OCLCF</subfield>
      <subfield code="d">OCLCQ</subfield>
      <subfield code="d">OCLCA</subfield>
      <subfield code="d">VPI</subfield>
   </datafield>
   <datafield ind1="8" ind2=" " tag="024">
      <subfield code="a">ZBWT00757243</subfield>
   </datafield>
   <datafield ind1=" " ind2=" " tag="042">
      <subfield code="a">lccopycat</subfield>
   </datafield>
   <datafield ind1=" " ind2=" " tag="043">
      <subfield code="a">n------</subfield>
   </datafield>
   <datafield ind1="0" ind2="4" tag="050">
      <subfield code="a">S21</subfield>
      <subfield code="b">A74 no. 719</subfield>
   </datafield>
   <datafield ind1="0" ind2=" " tag="070">
      <subfield code="a">1</subfield>
      <subfield code="b">Ag84AB no.719</subfield>
   </datafield>
   <datafield ind1="0" ind2="0" tag="082">
      <subfield code="a">630 s</subfield>
      <subfield code="a">338.1/8</subfield>
      <subfield code="2">21</subfield>
   </datafield>
   <datafield ind1="0" ind2=" " tag="086">
      <subfield code="a">A 1.75:719</subfield>
   </datafield>
   <datafield ind1="1" ind2=" " tag="100">
      <subfield code="a">Nelson, Frederick J.</subfield>
      <subfield code="q">(Frederick James),</subfield>
      <subfield code="d">1939-</subfield>
   </datafield>
   <datafield ind1="1" ind2="0" tag="245">
      <subfield code="a">Comparison of agricultural support in Canada, Mexico, and the United
              States /</subfield>
      <subfield code="c">Frederick J. Nelson, Mark V. Simone, Constanza M. Valdes.</subfield>
   </datafield>
   <datafield ind1=" " ind2=" " tag="260">
      <subfield code="a">Washington, D.C. :</subfield>
      <subfield code="b">U.S. Dept. of Agriculture, Economic Research Service,</subfield>
      <subfield code="c">[1995]</subfield>
   </datafield>
   <datafield ind1=" " ind2=" " tag="300">
      <subfield code="a">44 pages :</subfield>
      <subfield code="b">illustrations ;</subfield>
      <subfield code="c">28 cm.</subfield>
   </datafield>
   <datafield ind1=" " ind2=" " tag="336">
      <subfield code="a">text</subfield>
      <subfield code="b">txt</subfield>
      <subfield code="2">rdacontent</subfield>
   </datafield>
   <datafield ind1=" " ind2=" " tag="337">
      <subfield code="a">unmediated</subfield>
      <subfield code="b">n</subfield>
      <subfield code="2">rdamedia</subfield>
   </datafield>
   <datafield ind1=" " ind2=" " tag="338">
      <subfield code="a">volume</subfield>
      <subfield code="b">nc</subfield>
      <subfield code="2">rdacarrier</subfield>
   </datafield>
   <datafield ind1="1" ind2=" " tag="490">
      <subfield code="a">Agriculture information bulletin ;</subfield>
      <subfield code="v">no. 719</subfield>
   </datafield>
   <datafield ind1="1" ind2=" " tag="490">
      <subfield code="a">Economic Research Service report</subfield>
   </datafield>
   <datafield ind1=" " ind2=" " tag="500">
      <subfield code="a">Cover title.</subfield>
   </datafield>
   <datafield ind1=" " ind2=" " tag="500">
      <subfield code="a">"September 1995"--Page [1].</subfield>
   </datafield>
   <datafield ind1=" " ind2=" " tag="504">
      <subfield code="a">Includes bibliographical references (page 30).</subfield>
   </datafield>
   <datafield ind1=" " ind2="0" tag="650">
      <subfield code="a">Agricultural price supports</subfield>
      <subfield code="z">North America.</subfield>
   </datafield>
   <datafield ind1=" " ind2="7" tag="650">
      <subfield code="a">Agricultural price supports.</subfield>
      <subfield code="2">fast</subfield>
      <subfield code="0">(OCoLC)fst00801197</subfield>
   </datafield>
   <datafield ind1=" " ind2="7" tag="651">
      <subfield code="a">North America.</subfield>
      <subfield code="2">fast</subfield>
      <subfield code="0">(OCoLC)fst01242475</subfield>
   </datafield>
   <datafield ind1="1" ind2=" " tag="700">
      <subfield code="a">Simone, Mark V.</subfield>
   </datafield>
   <datafield ind1="1" ind2=" " tag="700">
      <subfield code="a">Valdes, Constanza.</subfield>
   </datafield>
   <datafield ind1="1" ind2=" " tag="710">
      <subfield code="a">United States.</subfield>
      <subfield code="b">Department of Agriculture.</subfield>
      <subfield code="b">Economic Research Service.</subfield>
   </datafield>
   <datafield ind1="0" ind2="8" tag="776">
      <subfield code="i">Online version:</subfield>
      <subfield code="a">Nelson, Frederick J. (Frederick James), 1939-</subfield>
      <subfield code="t">Comparison of agricultural support in Canada, Mexico, and the United
              States.</subfield>
      <subfield code="d">Washington, D.C. : U.S. Dept. of Agriculture, Economic Research
              Service, [1995]</subfield>
      <subfield code="w">(OCoLC)1086355823</subfield>
   </datafield>
   <datafield ind1=" " ind2="0" tag="830">
      <subfield code="a">Agriculture information bulletin ;</subfield>
      <subfield code="v">no. 719.</subfield>
   </datafield>
   <datafield ind1=" " ind2="0" tag="830">
      <subfield code="a">Economic Research Service report.</subfield>
   </datafield>
   <datafield ind1=" " ind2=" " tag="938">
      <subfield code="a">Baker and Taylor</subfield>
      <subfield code="b">BTCP</subfield>
      <subfield code="n">96124612</subfield>
   </datafield>
</marc:record>
